@incollection
{
	ref:FFT1,
	title={The fast Fourier transform},
	author={Nussbaumer, Henri J},
	booktitle={Fast Fourier Transform and Convolution Algorithms},
	pages={80--111},
	year={1981},
	publisher={Springer}
}

@misc
{ref:MRI2, title={Free induction decay (FID)}, url={http://mri-q.com/free-induction-decay.html}, journal={Questions and Answers â€‹in MRI}}

@article
{
	ref:MRI1,
	title={Magnetic resonance imaging (MRI): considerations and applications in radiotherapy treatment planning},
	author={Khoo, Vincent S and Dearnaley, David P and Finnigan, David J and Padhani, Anwar and Tanner, Steven F and Leach, Martin O},
	journal={Radiotherapy and Oncology},
	volume={42},
	number={1},
	pages={1--15},
	year={1997},
	publisher={Elsevier}
}